<record><leader>00000cas a22000007a 4500</leader><controlfield tag="001">20841916</controlfield><controlfield tag="008">900103d19101913mouwr ne      0    0eng d</controlfield><datafield ind1=" " ind2=" " tag="010"><subfield code="a">sn 89067580 </subfield></datafield><datafield ind1=" " ind2=" " tag="040"><subfield code="a">MQN</subfield><subfield code="b">eng</subfield><subfield code="c">MQN</subfield><subfield code="d">OCLCQ</subfield></datafield><datafield ind1="0" ind2="0" tag="245"><subfield code="a">Stanberry owl-headlight.</subfield></datafield><datafield ind1="1" ind2="3" tag="246"><subfield code="a">Stanberry owl</subfield></datafield><datafield ind1="3" ind2="0" tag="246"><subfield code="a">Owl-headlight</subfield></datafield><datafield ind1=" " ind2=" " tag="260"><subfield code="a">Stanberry, Gentry County, Mo. :</subfield><subfield code="b">W.C. Lang,</subfield><subfield code="c">1910-1913.</subfield></datafield><datafield ind1=" " ind2=" " tag="300"><subfield code="a">v.</subfield></datafield><datafield ind1=" " ind2=" " tag="310"><subfield code="a">Weekly</subfield></datafield><datafield ind1="0" ind2=" " tag="362"><subfield code="a">Vol. 11, no. 11 (Apr. 12, 1910)-v. 13, no. 51 (Feb. 30 [i.e. 6], 1913).</subfield></datafield><datafield ind1=" " ind2=" " tag="515"><subfield code="a">Continues numbering of: Stanberry owl; but includes numbering of Stanberry headlight, v. 17, no. 14 (Apr. 12, 1910)-v. 18, no. 25 (July 25, 1911).</subfield></datafield><datafield ind1=" " ind2=" " tag="752"><subfield code="a">United States</subfield><subfield code="b">Missouri</subfield><subfield code="c">Gentry</subfield><subfield code="d">Stanberry.</subfield></datafield><datafield ind1="0" ind2="4" tag="780"><subfield code="t">Stanberry owl</subfield><subfield code="w">(DLC)sn 89067579</subfield></datafield><datafield ind1="0" ind2="4" tag="780"><subfield code="t">Stanberry headlight (Stanberry, Mo. : 1899)</subfield><subfield code="w">(DLC)sn 89067578</subfield></datafield><datafield ind1="0" ind2="0" tag="785"><subfield code="t">Owl-headlight</subfield><subfield code="w">(DLC)sn 86063982</subfield></datafield></record>